<?xml version="1.0" encoding="utf-8"?>
<record xmlns="http://www.loc.gov/MARC21/slim" xmlns:xsi="http://www.w3.org/2001/XMLSchema-instance" xsi:schemaLocation="http://www.loc.gov/MARC21/slim http://www.loc.gov/standards/marcxml/schema/MARC21slim.xsd">
	<leader>     nam a22     Mi 4500</leader>
	<controlfield tag="001">b12303914</controlfield>
	<controlfield tag="003">UaCaAUL</controlfield>
	<controlfield tag="006">m        d        </controlfield>
	<controlfield tag="007">cr cn |||m|||a</controlfield>
	<controlfield tag="008">191001s1930    iq      ob    000 0bara d</controlfield>
	<datafield ind1=" " ind2=" " tag="040">
		<subfield code="a">ZYU</subfield>
		<subfield code="b">ara</subfield>
		<subfield code="e">rda</subfield>
		<subfield code="c">ZYU</subfield>
	</datafield>
	<datafield ind1=" " ind2="4" tag="050">
		<subfield code="a">BP193.S45</subfield>
		<subfield code="b">Z4x 1930</subfield>
	</datafield>
	<datafield ind1="1" ind2=" " tag="100">
		<subfield code="6">880-01</subfield>
		<subfield code="a">ʻAlawī, Muḥammad Mahdī,</subfield>
		<subfield code="d">1908-</subfield>
	</datafield>
	<datafield ind1="1" ind2="0" tag="245">
		<subfield code="6">880-02</subfield>
		<subfield code="a">Hibat al-Dīn al-Shahrastānī :</subfield>
		<subfield code="b">ism kitāb unshiʼ khiṣṣīṣan li-tarjamat mawlānā al-Sayyid Hibat al-Dīn al-shahīr bi-al-ʻAllāmah al-Shahrstānī dāmat barakātuh /</subfield>
		<subfield code="c">qām bi-taʼlīf hadhā al-kitāb min ashhar kuttāb al-ʻArabīyah fī Īrān al-Sayyid Muḥammad Mahdī al-ʻAlawī ; Qām bi-al-taṣḥīḥ wa-al-taʻlīq ʻalīh al-Adīb Ḥusayn ibn Hāshim al-Maʻālī al-Ḥusaynī.</subfield>
	</datafield>
	<datafield ind1=" " ind2="1" tag="264">
		<subfield code="6">880-03</subfield>
		<subfield code="a">Baghdād :</subfield>
		<subfield code="b">Maṭbaʻat al-Ādāb,</subfield>
		<subfield code="c">1930.</subfield>
	</datafield>
	<datafield ind1=" " ind2=" " tag="300">
		<subfield code="a">online resource (80 pages)</subfield>
	</datafield>
	<datafield ind1=" " ind2=" " tag="336">
		<subfield code="a">text</subfield>
		<subfield code="2">rdacontent</subfield>
	</datafield>
	<datafield ind1=" " ind2=" " tag="337">
		<subfield code="a">computer</subfield>
		<subfield code="2">rdamedia</subfield>
	</datafield>
	<datafield ind1=" " ind2=" " tag="338">
		<subfield code="a">online resource</subfield>
		<subfield code="2">rdacarrier</subfield>
	</datafield>
	<datafield ind1=" " ind2=" " tag="500">
		<subfield code="a">Part of the Arabic Collections Online (ACO) project, contributed by American University in Cairo Library.</subfield>
	</datafield>
	<datafield ind1=" " ind2=" " tag="504">
		<subfield code="a">Includes bibliographical references.</subfield>
	</datafield>
	<datafield ind1=" " ind2=" " tag="500">
		<subfield code="6">880-04</subfield>
		<subfield code="a">&quot;Ṭubiʻa hadhā al-kitāb al-jalīl baʻd ikhtiṣārihi bi-munāsabat tajāhul al-baʻḍ li-maqām samāḥatihi wa-qām bi-al-taṣḥīḥ wa-al-taʻlīq ʻalīh al-Adīb Ḥusayn ibn Hāshim al-Maʻālī al-Ḥusaynī sanat 1348 H, 1929 M&quot;--Page 1.</subfield>
	</datafield>
	<datafield ind1=" " ind2=" " tag="533">
		<subfield code="a">Electronic reproduction.</subfield>
		<subfield code="b">New York, N.Y. :</subfield>
		<subfield code="c">New York University,</subfield>
		<subfield code="d">2019.</subfield>
		<subfield code="5">NNU</subfield>
	</datafield>
	<datafield ind1="1" ind2="0" tag="600">
		<subfield code="6">880-05</subfield>
		<subfield code="a">Shahrastānī, Hibat al-Dīn,</subfield>
		<subfield code="d">1884-</subfield>
	</datafield>
	<datafield ind1="1" ind2=" " tag="700">
		<subfield code="6">880-06</subfield>
		<subfield code="a">Ḥusaynī, Ḥusayn ibn Hāshim al-Maʻālī.</subfield>
	</datafield>
	<datafield ind1="2" ind2=" " tag="710">
		<subfield code="a">American University in Cairo.</subfield>
		<subfield code="b">Library.</subfield>
	</datafield>
	<datafield ind1="0" ind2=" " tag="730">
		<subfield code="a">Arabic Collections Online.</subfield>
	</datafield>
	<datafield ind1="0" ind2="8" tag="776">
		<subfield code="i">Print version:</subfield>
		<subfield code="a">ʻAlawī, Muḥammad Mahdī, 1908-</subfield>
		<subfield code="t">Hibat al-Dīn al-Shahrastānī</subfield>
		<subfield code="w">(UaCaAUL)b12303914</subfield>
		<subfield code="w">(OCoLC)122811833</subfield>
	</datafield>
	<datafield ind1="4" ind2="0" tag="856">
		<subfield code="u">http://hdl.handle.net/2333.1/z08kq1ps</subfield>
	</datafield>
	<datafield ind1="1" ind2=" " tag="880">
		<subfield code="6">100-01</subfield>
		<subfield code="a">علوي، محمد مهدي،,</subfield>
		<subfield code="d">1908.</subfield>
	</datafield>
	<datafield ind1="1" ind2="0" tag="880">
		<subfield code="6">245-02</subfield>
		<subfield code="a">هبة الدين الشهرستاني :</subfield>
		<subfield code="b">اسم كتاب انشئ خصيصاً لترجمة مولانا السيد هبة الدين الشهير بالعلامة الشهرستاني دامت بركاته /</subfield>
		<subfield code="c">قام بتأليف هذا الكتاب من أشهر كتاب العربية في إيران السيد محمد مهدي العلوي ؛ قام بالتصحيح والتعليق عليه الأديب حسين بن هاشم المعالي الحسيني.</subfield>
	</datafield>
	<datafield ind1=" " ind2="1" tag="880">
		<subfield code="6">264-03</subfield>
		<subfield code="a">بغداد :</subfield>
		<subfield code="b">مطبعة الآداب،</subfield>
		<subfield code="c">1930.</subfield>
	</datafield>
	<datafield ind1=" " ind2=" " tag="880">
		<subfield code="6">500-04</subfield>
		<subfield code="a">&quot;طبع هذا الكتاب الجليل بعد اختصاره بمناسبة تجاهل البعض لمقام سماحته وقام بالتصحيح والتعليق عليه الأديب حسين بن هاشم المعالي الحسيني سنة 1348 هـ ، 1929 م&quot;--Page 1.</subfield>
	</datafield>
	<datafield ind1="1" ind2="4" tag="880">
		<subfield code="6">600-05</subfield>
		<subfield code="a">شهرستاني، هبة الدين،,</subfield>
		<subfield code="d">1884-</subfield>
	</datafield>
	<datafield ind1="1" ind2=" " tag="880">
		<subfield code="6">700-06</subfield>
		<subfield code="a">حسيني، حسين بن هاشم المعالي.</subfield>
	</datafield>
	<datafield ind1=" " ind2=" " tag="959">
		<subfield code="a">NNU</subfield>
		<subfield code="b">WEB</subfield>
		<subfield code="c">GENI</subfield>
		<subfield code="t">0</subfield>
		<subfield code="m">Electronic access</subfield>
		<subfield code="s">01</subfield>
	</datafield>
	<datafield ind1=" " ind2=" " tag="999">
		<subfield code="i">UaCaAUL_b12303914</subfield>
		<subfield code="o">(OCoLC)ocn122811833</subfield>
		<subfield code="s">auc_aco000608</subfield>
	</datafield>
</record>
